@article{Alet,
author = {Fabien Alet and Sylvain Capponi and Nicolas Laflorencie and Matthieu Mambrini},
title = {Valence Bond Entanglement Entropy},
year = {2007},
journal = {Phys. Rev. Lett.},
volume = {99},
number = {11},
pages={117204}
}

@article{ZGV,
author = {Yi Zhang and Tarun Grover and Ashvin Vishwanath},
title = {Entanglement entropy of critical spin liquids },
year = {2011},
journal = {Phys. Rev. Lett.},
volume = {107},
pages={067202}
}

@Article{permutation,
  title = {Measuring Entanglement Using Quantum Quenches},
  author = {Cardy, John },
  journal = {Phys. Rev. Lett.},
  volume = {106},
  number = {15},
  pages = {150404},
  numpages = {4},
  year = {2011},
  month = {Apr},
  doi = {10.1103/PhysRevLett.106.150404},
  publisher = {American Physical Society}
}


@article{univ1},
author={Y. Zhang and T. Grover and A. Vishwanath},
journal={Phys. Rev. Lett},
volume={107},
pages={067202},
year={2011}
}



@article{

@Article{SSE,
    title = {Quantum Monte Carlo simulation method for spin systems},
    author = {Sandvik, Anders W. and Kurkij\"arvi, Juhani },
    journal = {Phys. Rev. B},
    volume = {43},
    number = {7},
    pages = {5950--5961},
    numpages = {11},
    year = {1991},
    month = {Mar},
    doi = {10.1103/PhysRevB.43.5950},
    publisher = {American Physical Society}
}

@article{Chh,
author = {Ravindra W. Chhajlany and Piotr Tomczak and Antoni W\'{o}jcik},
collaboration = {},
title = {Topological Estimator of Block Entanglement for Heisenberg Antiferromagnets},
publisher = {APS},
year = {2007},
journal = {Phys. Rev. Lett.},
volume = {99},
number = {16},
eid = {167204},
pages = {167204}
}

@article{Cardy,
author={Pasquale Calabrese and John Cardy},
journal={J. Stat. Mech.: Theor. Exp.},
year ={2004},
volume = {P06002}
}

@article{Ian1,
author = {Nicolas Laflorencie and Erik S. Sorensen and Ming-Shyang Chang and Ian Affleck},
year = {2006},
journal = {Phys. Rev. Lett.},
volume = {96},
pages = {100603}
}

@Article{Sandvik,
  title = {Ground State Projection of Quantum Spin Systems in the Valence-Bond Basis},
  author = {Sandvik, Anders W.},
  journal = {Phys. Rev. Lett.},
  volume = {95},
  number = {20},
  pages = {207203},
  numpages = {4},
  year = {2005},
  month = {Nov},
  doi = {10.1103/PhysRevLett.95.207203},
  publisher = {American Physical Society}
}

@Article{Cano,
  title = {Spin Hamiltonians with resonating-valence-bond ground states},
  author = {Cano, Jennifer and Fendley, Paul},
  journal = {Phys. Rev. Lett.},
  volume = {105},
  pages = {067205},
  numpages = {4},
  year = {2010},
  publisher = {American Physical Society}
}


@article{wolf,
author = {Michael M. Wolf and Frank Verstraete and Matthew B. Hastings and J. Ignacio Cirac},
collaboration = {},
title = {Area Laws in Quantum Systems: Mutual Information and Correlations},
publisher = {APS},
year = {2008},
journal = {Phys. Rev. Lett.},
volume = {100},
numpages = {4},
pages = {070502}
}

@article{KP,
author = {Alexei Kitaev and John Preskill},
collaboration = {},
title = {Topological Entanglement Entropy},
publisher = {APS},
year = {2006},
journal = {Phys. Rev. Lett.},
volume = {96},
number = {11},
eid = {110404},
pages = {110404}
}

@Article{heisenberg1,
  title = {Valence Bond and von Neumann Entanglement Entropy in Heisenberg Ladders},
  author = {Kallin, Ann B. and Gonz\'alez, Iv\'an  and Hastings, Matthew B. and Melko, Roger G.},
  journal = {Phys. Rev. Lett.},
  volume = {103},
  number = {11},
  pages = {117203},
  numpages = {4},
  year = {2009},
  month = {Sep},
  doi = {10.1103/PhysRevLett.103.117203},
  publisher = {American Physical Society}
}


@article{swap,
    title = {Measuring Renyi Entanglement Entropy in Quantum Monte Carlo Simulations},
    author = {Hastings, Matthew B. and Gonz\'alez, Iv\'an  and Kallin, Ann B. and Melko, Roger G.},
    journal = {Phys. Rev. Lett.},
    volume = {104},
    number = {15},
    pages = {157201},
    year = {2010}
}

@Article{XXZ,
  title = {Finite-size scaling of mutual information in Monte Carlo simulations: Application to the spin- $\frac{1}{2}$   $XXZ$  model},
  author = {Melko, Roger G. and Kallin, Ann B. and Hastings, Matthew B.},
  journal = {Phys. Rev. B},
  volume = {82},
  number = {10},
  pages = {100409},
  numpages = {4},
  year = {2010},
  month = {Sep},
  doi = {10.1103/PhysRevB.82.100409},
  publisher = {American Physical Society}
}

@article{LW,
author = {Michael Levin and Xiao-Gang Wen},
collaboration = {},
title = {Detecting Topological Order in a Ground State Wave Function},
publisher = {APS},
year = {2006},
journal = {Phys. Rev. Lett},
volume = {96},
number = {11},
eid = {110405},
pages = {110405}
}

@article{ALreview,
    journal = {Rev. Mod. Phys.},
    author = {Eisert, J. and Cramer, M. and Plenio, M. B.},
    title = {\textit{Colloquium}      : Area laws for the entanglement entropy},
    year = {2010},
    pages = {277--306},
    volume = {82}
}



@Article{EEstat,
  title = {Statistics Dependence of the Entanglement Entropy},
  author = {Cramer, M.  and Eisert, J.  and Plenio, M. B.},
  journal = {Phys. Rev. Lett.},
  volume = {98},
  number = {22},
  pages = {220603},
  numpages = {4},
  year = {2007},
  month = {May},
  doi = {10.1103/PhysRevLett.98.220603},
  publisher = {American Physical Society}
}

@article{PEPS1,
author={F. Verstraete and J. I. Cirac},
year = {2004},
eprint={arXiv:cond-mat/0407066}
}

@article{PEPS2,
author = {F. Verstraete and M. M. Wolf and D. Perez-Garcia and J. I. Cirac},
year = {2006},
journal = {Phys. Rev. Lett.},
volume = {96},
pages = {220601}
}


@Article{Shredder,
  title = {Entropy and area},
  author = {Srednicki, Mark },
  journal = {Phys. Rev. Lett.},
  volume = {71},
  number = {5},
  pages = {666--669},
  numpages = {3},
  year = {1993},
  month = {Aug},
  doi = {10.1103/PhysRevLett.71.666},
  publisher = {American Physical Society}
}

@Article{MPS_DMRG,
  title = {Thermodynamic Limit of Density Matrix Renormalization},
  author = {\"Ostlund, Stellan  and Rommer, Stefan },
  journal = {Phys. Rev. Lett.},
  volume = {75},
  number = {19},
  pages = {3537--3540},
  numpages = {3},
  year = {1995},
  month = {Nov},
  doi = {10.1103/PhysRevLett.75.3537},
  publisher = {American Physical Society}
}


@Article{White92,
  title = {Density matrix formulation for quantum renormalization groups},
  author = {White, Steven R.},
  journal = {Phys. Rev. Lett.},
  volume = {69},
  number = {19},
  pages = {2863--2866},
  numpages = {3},
  year = {1992},
  month = {Nov},
  doi = {10.1103/PhysRevLett.69.2863},
  publisher = {American Physical Society}
}

@Article{Scholl05,
  title = {The density-matrix renormalization group},
  author = {Schollw\"ock, U. },
  journal = {Rev. Mod. Phys.},
  volume = {77},
  number = {1},
  pages = {259--315},
  numpages = {56},
  year = {2005},
  month = {Apr},
  doi = {10.1103/RevModPhys.77.259},
  publisher = {American Physical Society}
}

@Article{AffleckAndLudwig,
  title = {Universal noninteger \char96{}\char96{}ground-state degeneracy\char39{}\char39{} in critical quantum systems},
  author = {Affleck, Ian  and Ludwig, Andreas W. W.},
  journal = {Phys. Rev. Lett.},
  volume = {67},
  number = {2},
  pages = {161--164},
  numpages = {3},
  year = {1991},
  month = {Jul},
  doi = {10.1103/PhysRevLett.67.161},
  publisher = {American Physical Society}
}

@article{White1994,
author = {SR White and RM Noack and DJ Scalapino}, 
journal = {Phys. Rev. Lett.},
title = {Resonating valence bond theory of coupled Heisenberg chains},
number = {6},
pages = {886--889},
volume = {73},
year = {1994},
}

@article{Huanq2006,
author = {Z Huanqiang and T Barthel and U Schollwoeck}, 
journal = {Phys. Rev. A},
title = {Entanglement and boundary critical phenomena},
abstract = {We investigate boundary critical phenomena from a quantum-information perspective. Bipartite entanglement in the ground state of one-dimensional quantum systems is quantified using the Renyi entropy S{sub {alpha}}, which },
number = {5},
pages = {050305(R)},
volume = {74},
year = {2006},
month = {Jan},
}


@Article{1dbosecft,
  title = {Entanglement and boundary critical phenomena},
  author = {Zhou, Huan-Qiang  and Barthel, Thomas  and Fj\ae{}restad, John Ove and Schollw\"ock, Ulrich },
  journal = {Phys. Rev. A},
  volume = {74},
  number = {5},
  pages = {050305},
  numpages = {4},
  year = {2006},
  month = {Nov},
  doi = {10.1103/PhysRevA.74.050305},
  publisher = {American Physical Society}
}

@article{2dboson,
  title = {Entanglement-area law for general bosonic harmonic lattice systems},
  author = {Cramer, M.  and Eisert, J.  and Plenio, M. B. and Drei\ss{}ig, J. },
  journal = {Phys. Rev. A},
  volume = {73},
  number = {1},
  pages = {012309},
  numpages = {14},
  year = {2006},
  month = {Jan},
  doi = {10.1103/PhysRevA.73.012309},
  publisher = {American Physical Society}
}

@article{network,
author={B Kozma and MB Hastings and G Korniss},
journal={Phys. Rev. Lett.},
volume={95},
pages={018701},
year={2005},
}

@article{MERA,
author={G Evenbly and G Vidal},
journal={Phys. Rev. B},
volume={79},
pages={144108},
year={2009},
}

@article{BoseMetal,
author = {D. N. Sheng and Olexei I. Motrunich and Matthew P. A. Fisher},
title = {Spin Bose-metal phase in a spin-(1/2) model with ring exchange on a two-leg triangular strip},
year = {2009},
journal = {Phys. Rev. B},
volume = {79},
number = {20},
pages = {205112}}

@article{XXX,
author = {J. L. Jacobsen and H. Saleur},
year = {2008},
journal = {Phys. Rev. Lett.},
volume = {100},
number = {8},
pages = {087205}
}

@article{PI,
title={ Topological Entanglement R\'enyi Entropy and Reduced Density Matrix Structure},
author = {Flammia, Steven T. and Hamma, Alioscia  and Hughes, Taylor L. and Wen, Xiao-Gang },
journal = {Phys. Rev. Lett.},
volume = {103},
number = {26},
pages = {261601},
year = {2009}
}

@article{Max,
author = {Max A Metlitski and Carlos A Fuertes and Subir Sachdev}, 
journal = {Phys. Rev. B},
year={2009},
title = {Entanglement entropy in the O(N) model},
volume = {80},
pages = {115122},
}

@article{ryu,
title={Holographic Derivation of Entanglement Entropy from the antiâde Sitter Space/Conformal Field Theory Correspondence},
author={Shinsei Ryu and Tadashi Takayanagi},
year={2006},
journal={Phys. Rev. Lett.},
volume={96},
pages={181602}
}

@article{Moore06,
title={Entanglement entropy of 2D conformal quantum critical points: hearing the shape of a quantum drum},
author={J. Moore and E. Fradkin},
journal={Phys. Rev. Lett},
volume={97},
year={2006},
pages={050404}
}

@article{logcorner,
title={Universal terms for the entanglement entropy in 2+1 dimensions},
author={H. Casini and M. Huerta},
journal={Nucl. Phys. B},
volume={764},
year={2007},
pages={183}
}

@article{Ann,
author = {Ann B. Kallin and Iv\'{a}n Gonz\'{a}lez and Matthew B. Hastings and Roger G. Melko},
title = {Valence Bond and von Neumann Entanglement Entropy in Heisenberg Ladders},
year = {2009},
journal = {Phys. Rev. Lett.},
volume = {103},
pages = {117203}
}

@Article{critMI,
  title = {Finite-Temperature Critical Behavior of Mutual Information},
  author = {Singh, Rajiv R. P. and Hastings, Matthew B. and Kallin, Ann B. and Melko, Roger G.},
  journal = {Phys. Rev. Lett.},
  volume = {106},
  number = {13},
  pages = {135701},
  numpages = {4},
  year = {2011},
  month = {Mar},
  doi = {10.1103/PhysRevLett.106.135701},
  publisher = {American Physical Society}
}

@Article{entanglement-fluctuations,
  title = {General relation between entanglement and fluctuations in one dimension},
  author = {Song, H. Francis and Rachel, Stephan  and Le Hur, Karyn },
  journal = {Phys. Rev. B},
  volume = {82},
  number = {1},
  pages = {012405},
  numpages = {4},
  year = {2010},
  month = {Jul},
  doi = {10.1103/PhysRevB.82.012405},
  publisher = {American Physical Society}
}

@Article{loopentropy,
  title = {Definitions of entanglement entropy of spin systems in the valence-bond basis},
  author = {Lin, Yu-Cheng  and Sandvik, Anders W.},
  journal = {Phys. Rev. B},
  volume = {82},
  number = {22},
  pages = {224414},
  numpages = {9},
  year = {2010},
  month = {Dec},
  doi = {10.1103/PhysRevB.82.224414},
  publisher = {American Physical Society}
}

@Article{AWSloop,
  title = {Loop updates for variational and projector quantum Monte Carlo simulations in the valence-bond basis},
  author = {Sandvik, Anders W. and Evertz, Hans Gerd},
  journal = {Phys. Rev. B},
  volume = {82},
  number = {2},
  pages = {024407},
  numpages = {11},
  year = {2010},
  month = {Jul},
  doi = {10.1103/PhysRevB.82.024407},
  publisher = {American Physical Society}
}


@article{Espec,
author={Hui Li and F. D. M. Haldane},
journal = {Phys. Rev. Lett.},
volume={101},
pages={010504},
year={2008}
}

@inbook{Beach,
author ={A. W. Sandvik and K. S. D. Beach},
chapter={22},
title={Computer Simulation Studies in Condensed-Matter Physics XX}, 
publisher={Springer, Berlin},
year={2008}
}

@article{Beach2,
title = "Some formal results for the valence bond basis",
journal = "Nuclear Physics B",
volume = "750",
number = "3",
pages = "142 - 178",
year = "2006",
author = "K. S. D. Beach and Anders W. Sandvik",
}


@inbook{Jaeger,
author={Greg Jaeger},
chapter={8},
title={Quantum Information An Overview},
publisher={Springer, Berlin},
year={2007}
}


@Article{DL,
    title = {Quantum Monte Carlo with directed loops},
    author = {Sylju\aa{}sen, Olav F. and Sandvik, Anders W.},
    journal = {Phys. Rev. E},
    volume = {66},
    number = {4},
    pages = {046701},
    numpages = {28},
    year = {2002},
    month = {Oct},
    doi = {10.1103/PhysRevE.66.046701},
    publisher = {American Physical Society}
}

@article{SSE1,
author = {A. W. Sandvik}, 
title = {A generalization of Handscomb's quantum Monte Carlo scheme --- Application to the 1-D Hubbard model},
journal={J. Phys. A},
volume={25},
pages={3667},
year={1992} 
}

@article{Doug,
author = {E. Loh and D. J. Scalapino and P. M. Grant},
journal={Phys. Script.},
volume={32},
pages={327},
year={1985}
}

@article{BP,
author={P. B. Buividovich and M. I. Polikarpov},
journal= {Nucl. Phys. B},
volume={802},
pages={458},
year={2008}
}

@article{Naka,
author = {Y. Nakagawa and A. Nakamura and S. Motoki and V. I. Zakharov},
journal={Proc. Sci.},
volume = {LAT2009},
pages={188},
year={2009}
}

@Article{TKT,
    title = {Aspect-ratio dependence of the spin stiffness of a two-dimensional $XY$ model},
    author = {Melko, R. G. and Sandvik, A. W. and Scalapino, D. J.},
    journal = {Phys. Rev. B},
    volume = {69},
    number = {1},
    pages = {014509},
    numpages = {6},
    year = {2004},
    month = {Jan},
    doi = {10.1103/PhysRevB.69.014509},
    publisher = {American Physical Society}
}

@Article{goldenchain,
    title = {Interacting Anyons in Topological Quantum Liquids: The Golden Chain},
    author = {Feiguin, Adrian  and Trebst, Simon  and Ludwig, Andreas W. W. and Troyer, Matthias  and Kitaev, Alexei  and Wang, Zhenghan  and Freedman, Michael H.},
    journal = {Phys. Rev. Lett.},
    volume = {98},
    pages = {160409},
    year = {2007}
}

@article{isakov,
author={Sergei Isakov and Matthew B. Hastings and Roger G. Melko},
title={Topological entanglement entropy of a Bose–Hubbard spin liquid},
journal={Nature Physics},
volume={7}, 
pages={772},
year={2011}
}


@article{gelfand-singh-huse,
   author = {Gelfand, Martin P. and Singh, Rajiv R. P. and Huse, David A.},
   affiliation = {Institute for Physical Science and Technology University of Maryland 20742 College Park Maryland},
   title = {Perturbation expansions for quantum many-body systems},
   journal = {J. Stat. Phys.},
   pages = {1093-1142},
   volume = {59},
   issue = {5},
   year = {1990}
}


@book{oitmaa,
author={J. Oitmaa and C. J. Hamer and W. Zheng},
title={Series Expansion Methods for Strongly Interacting Lattice Models},
publisher={Cambridge University Press},
year={2006}
}

@article{singh-gelfand,
  title = {Spin dynamics and magnetic resonance in two-dimensional Heisenberg antiferromagnets},
  author = {Singh, Rajiv R. P. and Gelfand, Martin P.},
  journal = {Phys. Rev. B},
  volume = {42},
  number = {1},
  pages = {996--999},
  numpages = {3},
  year = {1990},
  month = {Jul},
  doi = {10.1103/PhysRevB.42.996},
  publisher = {American Physical Society}
}


@Article{sergeiSL,
    title = {Spin-Liquid Phase in a Spin-$1/2$ Quantum Magnet on the Kagome Lattice},
    author = {Isakov, S. V. and Kim, Yong Baek and Paramekanti, A. },
    journal = {Phys. Rev. Lett.},
    volume = {97},
    number = {20},
    pages = {207204},
    numpages = {4},
    year = {2006},
    month = {Nov},
    doi = {10.1103/PhysRevLett.97.207204},
    publisher = {American Physical Society}
}

@article{plateau,
}






@article{cooppara,
  title = {Exotic phase diagram of a cluster charging model of bosons on the kagome lattice},
  author = {Isakov, Sergei V. and Paramekanti, Arun  and Kim, Yong Baek},
  journal = {Phys. Rev. B},
  volume = {76},
  number = {22},
  pages = {224431},
  numpages = {10},
  year = {2007},
  month = {Dec},
  doi = {10.1103/PhysRevB.76.224431},
  publisher = {American Physical Society}
}


@article{xyexp,
  title = {Theoretical estimates of the critical exponents of the superfluid transition in  $^{4}He$  by lattice methods},
  author = {Campostrini, Massimo  and Hasenbusch, Martin  and Pelissetto, Andrea  and Vicari, Ettore },
  journal = {Phys. Rev. B},
  volume = {74},
  number = {14},
  pages = {144506},
  numpages = {18},
  year = {2006},
  month = {Oct},
  doi = {10.1103/PhysRevB.74.144506},
  publisher = {American Physical Society}
}

@article{castelnovo,
  title = {Entanglement and topological entropy of the toric code at finite temperature},
  author = {Castelnovo, Claudio  and Chamon, Claudio },
  journal = {Phys. Rev. B},
  volume = {76},
  number = {18},
  pages = {184442},
  numpages = {15},
  year = {2007},
  month = {Nov},
  doi = {10.1103/PhysRevB.76.184442},
  publisher = {American Physical Society}
}


@Article{Roderich,
    title = {Resonating Valence Bond Phase in the Triangular Lattice Quantum Dimer Model},
    author = {Moessner, R.  and Sondhi, S. L.},
    journal = {Phys. Rev. Lett.},
    volume = {86},
    number = {9},
    pages = {1881--1884},
    numpages = {3},
    year = {2001},
    month = {Feb},
    doi = {10.1103/PhysRevLett.86.1881},
    publisher = {American Physical Society}
}

@article{Kitaev,
author= {A. Kitaev},
title={Fault-tolerant quantum computation by anyons},
Journal={Ann. Physics}, 
volume={303},
pages={2},
year={2003}
}

@Article{Leon1,
    title = {Fractionalization in an easy-axis Kagome antiferromagnet},
    author = {Balents, L.  and Fisher, M. P. A. and Girvin, S. M.},
    journal = {Phys. Rev. B},
    volume = {65},
    number = {22},
    pages = {224412},
    numpages = {8},
    year = {2002},
    month = {May},
    doi = {10.1103/PhysRevB.65.224412},
    publisher = {American Physical Society}
}

@article{WenTO,
author = {Xiao-Gang Wen},
title={Topological Orders in Rigid States},
journal={Int. J. Mod. Phys.},
volume={B4},
pages={239},
year={1990}
}


@Article{TriangTEE,
    title = {Topological entanglement entropy in the quantum dimer model on the triangular lattice},
    author = {Furukawa, Shunsuke  and Misguich, Gr\'egoire },
    journal = {Phys. Rev. B},
    volume = {75},
    number = {21},
    pages = {214407},
    numpages = {10},
    year = {2007},
    month = {Jun},
    doi = {10.1103/PhysRevB.75.214407},
    publisher = {American Physical Society}
}

@Article{dassarma,
    title = {Topologically Protected Qubits from a Possible Non-Abelian Fractional Quantum Hall State},
    author = {Das Sarma, Sankar  and Freedman, Michael  and Nayak, Chetan },
    journal = {Phys. Rev. Lett.},
    volume = {94},
    number = {16},
    pages = {166802},
    numpages = {4},
    year = {2005},
    month = {Apr},
    doi = {10.1103/PhysRevLett.94.166802},
    publisher = {American Physical Society}
}

@article{Meng,
title={Quantum spin liquid emerging in two-dimensional correlated Dirac fermions},
author={Z. Y. Meng and T. C. Lang and S. Wessel and F. F. Assaad and A. Muramatsu},
journal={Nature},
volume={464},
pages={847-851},
year={2010}
}

@Article{LWmodels,
    title = {String-net condensation: A physical mechanism for topological phases},
    author = {Levin, Michael A. and Wen, Xiao-Gang },
    journal = {Phys. Rev. B},
    volume = {71},
    number = {4},
    pages = {045110},
    numpages = {21},
    year = {2005},
    month = {Jan},
    doi = {10.1103/PhysRevB.71.045110},
    publisher = {American Physical Society}
}

@Article{yalegroup,
    title = {Entanglement Entropy of the Two-Dimensional Heisenberg Antiferromagnet},
    author = {H. F. Song and N. Laflorencie and S. Rachel and K. {Le Hur}},
    eprint={arXiv:1103.1636},
    year={2011}
}

@article{CHN,
	author = {S. Chakravarty and B. I. Halperin and D. R. Nelson},
	journal = {Phys. Rev. B},
	volume = {39},
    	pages = {2344},
    	year = {1989}
}

@article{DSFisher,
	author = {D. S. Fisher},
	journal = {Phys. Rev. B},
	volume = {39},
    	pages = {11783},
    	year = {1989}
}

@article{Hasenfratz,
	author = {P. Hasenfratz and F. Niedermayer},
	journal = {Z. Phys. B Cond. Matt.},
	volume = {92},
    	pages = {91},
    	year = {1993}
}

@article{tanh-extrapolation,
	author = {R. R. P. Singh and R. L. Glenister},
	journal = {Phys. Rev. B},
	volume = {46},
    	pages = {11871},
    	year = {1992}
}

@article{tower,
	author = {P. W. Anderson},
	journal = {Phys. Rev.},
	volume = {86},
    	pages = {694},
    	year = {1952}
}

@Article{Quench,
    title = {Measuring Entanglement Using Quantum Quenches},
    author = {Cardy, John },
    journal = {Phys. Rev. Lett.},
    volume = {106},
    pages = {150404},
    year = {2011}
}

@Article{tower2,
    title = {Signature of Nel order in exact spectra of quantum antiferromagnets on finite lattices},
    author = {B. Bernu and C. Lhuillier and and L. Pierre},
    journal = {Phys. Rev. Lett.},
    volume = {69},
    pages = {2590},
    year = {1992}
}


@article{EE_CFT,
title={ Entanglement entropy and conformal field theory},
author={Calabrese, Pasquale and Cardy, John},
journal={J. Phys. A: Mathematical and Theoretical}, 
volume={42},
pages={504005},
year={2009}}


@article{Cardyubiquitous,
    author={John Cardy},
    title={The ubiquitous ' c ': from the Stefan¿ÄìBoltzmann law to quantum information},
    journal={J. Stat. Mech.: Theor. Exp.},
    volume={2010},
    number={10},
    pages={P10004},
    year={2010}
}


@article{Zamo,
    author={A.B. Zamolodchikov},
    title={Irreversibility of the flux of the renormalization group in a 2D field theory},
    journal={JETP Lett.},
    volume={43}, 
    pages={731},
    year={1986}
}

@article{RVB1,
    title = {Critical correlations for short-range valence-bond wave functions on the square lattice},
    author = {Albuquerque, A. Fabricio and Alet, Fabien},
    year = {2010},
    journal = {Phys. Rev. B},
    pages = {180408},
    volume = {82}
}

@article{RVB2,
    journal = {Phys. Rev. B},
    author = {Tang, Ying and Sandvik, Anders W. and Henley, Christopher L.},
    title = {Properties of resonating-valence-bond spin liquids and critical dimer models},
    year = {2011},
    pages = {174427},
    volume = {84}
}


@article{HeisLog,
    title = {Anomalies in the entanglement properties of the square-lattice Heisenberg model},
    month = {Oct},
    author = {Kallin, Ann B. and Hastings, Matthew B. and Melko, Roger G. and Singh, Rajiv R. P.},
    year = {2011},
    journal = {Phys. Rev. B},
    pages = {165134},
    volume = {84}
}

@article{Cardy88,
      author         = "Cardy, John L.",
      title          = "{Is There a c Theorem in Four-Dimensions?}",
      journal        = "Phys. Lett. B",
      volume         = "215",
      pages          = "749-752",
      doi            = "10.1016/0370-2693(88)90054-8",
      year           = "1988",
      SLACcitation   = "%%CITATION = PHLTA,B215,749;%%",
}

@article{Komargodski,
      author         = "Komargodski, Zohar and Schwimmer, Adam",
      title          = "{On Renormalization Group Flows in Four Dimensions}",
      year           = "2011",
      eprint         = "arXiv:1107.3987",
      archivePrefix  = "arXiv",
      primaryClass   = "hep-th",
      SLACcitation   = "%%CITATION = ARXIV:1107.3987;%%",
}


@article{Myers,
    title = {Seeing a c-theorem with holography},
    author = {Myers, Robert C. and Sinha, Aninda},
    year = {2010},
    journal = {Phys. Rev. D},
    pages = {046006},
    volume = {82}
}

@article{Korepin,
    title = {Universality of Entropy Scaling in One Dimensional Gapless Models},
    author = {Korepin, V. E.},
    year = {2004},
    journal = {Phys. Rev. Lett.},
    publisher = {American Physical Society},
    pages = {096402},
    volume = {92}
}

@article{Hsu08,
    title = {Universal entanglement entropy in 2D conformal quantum critical points},
    author = {Hsu, Benjamin and Mulligan, Michael and Fradkin, Eduardo and Kim, Eun-Ah},
    year = {2009},
    journal = {Phys. Rev. B},
    publisher = {American Physical Society},
    pages = {115421},
    volume = {79}
}



@article{Misguich,
    title = {Shannon and entanglement entropies of one- and two-dimensional critical wave functions},
    author = {St\'ephan, Jean-Marie and Furukawa, Shunsuke and Misguich, Gr\'egoire and Pasquier, Vincent},
    year = {2009},
    journal = {Phys. Rev. B},
    publisher = {American Physical Society},
    pages = {184421},
    volume = {80}
}

@article{Holzhey,
title = "Geometric and renormalized entropy in conformal field theory",
journal = "Nucl. Phys. B",
volume = "424",
pages = "443 - 467",
year = "1994",
author = "Christoph Holzhey and Finn Larsen and Frank Wilczek"
}

@article{VidalC,
    journal = {Phys. Rev. Lett.},
    author = {Vidal, G. and Latorre, J. I. and Rico, E. and Kitaev, A.},
    title = {Entanglement in Quantum Critical Phenomena},
    year = {2003},
    pages = {227902},
    volume = {90}
}

@article{BCN,
    journal = {Phys. Rev. Lett.},
    author = {Bl\"ote, H. W. J. and Cardy, John L. and Nightingale, M. P.},
    title = {Conformal invariance, the central charge, and universal finite-size amplitudes at criticality},
    year = {1986},
    pages = {742--745},
    volume = {56}
}

@article{Affleck,
    journal = {Phys. Rev. Lett.},
    author = {Affleck, Ian},
    title = {Universal term in the free energy at a critical point and the conformal anomaly},
    year = {1986},
    pages = {746--748},
    volume = {56}
}

@article{MaxLog,
author={M. Metlitski}, 
journal={{\it{private communication}}},
year={2011}
}

@article{Alioscia1,
    title = "Ground state entanglement and geometric entropy in the Kitaev model",
    journal = "Phys. Lett. A",
    volume = "337",
    number = "1-2",
    pages = "22 - 28",
    year = "2005",
    author = "Alioscia Hamma and Radu Ionicioiu and Paolo Zanardi"
}

@Article{Alioscia2,
    title = {Bipartite entanglement and entropic boundary law in lattice spin systems},
    author = {Hamma, Alioscia  and Ionicioiu, Radu  and Zanardi, Paolo },
    journal = {Phys. Rev. A},
    volume = {71},
    number = {2},
    pages = {022315},
    year = {2005}
}

