@article{Alet,
author = {Fabien Alet and Sylvain Capponi and Nicolas Laflorencie and Matthieu Mambrini},
title = {Valence Bond Entanglement Entropy},
year = {2007},
journal = {Phys. Rev. Lett.},
volume = {99},
number = {11},
pages={117204}
}

@article{Chh,
author = {Ravindra W. Chhajlany and Piotr Tomczak and Antoni W\'{o}jcik},
collaboration = {},
title = {Topological Estimator of Block Entanglement for Heisenberg Antiferromagnets},
publisher = {APS},
year = {2007},
journal = {Phys. Rev. Lett.},
volume = {99},
number = {16},
eid = {167204},
pages = {167204}
}

@article{Cardy,
author={Pasquale Calabrese and John Cardy},
journal={J. Stat. Mech.: Theor. Exp.},
year ={2004},
volume = {P06002}
}

@article{Ian1,
author = {Nicolas Laflorencie and Erik S. Sorensen and Ming-Shyang Chang and Ian Affleck},
year = {2006},
journal = {Phys. Rev. Lett.},
volume = {96},
pages = {100603}
}

@Article{Sandvik,
  title = {Ground State Projection of Quantum Spin Systems in the Valence-Bond Basis},
  author = {Sandvik, Anders W.},
  journal = {Phys. Rev. Lett.},
  volume = {95},
  number = {20},
  pages = {207203},
  numpages = {4},
  year = {2005},
  month = {Nov},
  doi = {10.1103/PhysRevLett.95.207203},
  publisher = {American Physical Society}
}

@article{wolf,
author = {Michael M. Wolf and Frank Verstraete and Matthew B. Hastings and J. Ignacio Cirac},
collaboration = {},
title = {Area Laws in Quantum Systems: Mutual Information and Correlations},
publisher = {APS},
year = {2008},
journal = {Phys. Rev. Lett.},
volume = {100},
numpages = {4},
pages = {070502}
}

@article{KP,
author = {Alexei Kitaev and John Preskill},
collaboration = {},
title = {Topological Entanglement Entropy},
publisher = {APS},
year = {2006},
journal = {Phys. Rev. Lett.},
volume = {96},
number = {11},
eid = {110404},
pages = {110404}
}


@article{LW,
author = {Michael Levin and Xiao-Gang Wen},
collaboration = {},
title = {Detecting Topological Order in a Ground State Wave Function},
publisher = {APS},
year = {2006},
journal = {Phys. Rev. Lett},
volume = {96},
number = {11},
eid = {110405},
pages = {110405}
}

@article{ALreview,
author={J. Eisert and M. Cramer and M.B. Plenio},
year={2008},
eprint={arXiv:0808.3773}
}

@article{PEPS1,
author={F. Verstraete and J. I. Cirac},
year = {2004},
eprint={arXiv:cond-mat/0407066}
}

@article{PEPS2,
author = {F. Verstraete and M. M. Wolf and D. Perez-Garcia and J. I. Cirac},
year = {2006},
journal = {Phys. Rev. Lett.},
volume = {96},
pages = {220601}
}


@Article{Shredder,
  title = {Entropy and area},
  author = {Srednicki, Mark },
  journal = {Phys. Rev. Lett.},
  volume = {71},
  number = {5},
  pages = {666--669},
  numpages = {3},
  year = {1993},
  month = {Aug},
  doi = {10.1103/PhysRevLett.71.666},
  publisher = {American Physical Society}
}

@Article{MPS_DMRG,
  title = {Thermodynamic Limit of Density Matrix Renormalization},
  author = {\"Ostlund, Stellan  and Rommer, Stefan },
  journal = {Phys. Rev. Lett.},
  volume = {75},
  number = {19},
  pages = {3537--3540},
  numpages = {3},
  year = {1995},
  month = {Nov},
  doi = {10.1103/PhysRevLett.75.3537},
  publisher = {American Physical Society}
}


@Article{White92,
  title = {Density matrix formulation for quantum renormalization groups},
  author = {White, Steven R.},
  journal = {Phys. Rev. Lett.},
  volume = {69},
  number = {19},
  pages = {2863--2866},
  numpages = {3},
  year = {1992},
  month = {Nov},
  doi = {10.1103/PhysRevLett.69.2863},
  publisher = {American Physical Society}
}

@Article{Scholl05,
  title = {The density-matrix renormalization group},
  author = {Schollw\"ock, U. },
  journal = {Rev. Mod. Phys.},
  volume = {77},
  number = {1},
  pages = {259--315},
  numpages = {56},
  year = {2005},
  month = {Apr},
  doi = {10.1103/RevModPhys.77.259},
  publisher = {American Physical Society}
}

@Article{AffleckAndLudwig,
  title = {Universal noninteger \char96{}\char96{}ground-state degeneracy\char39{}\char39{} in critical quantum systems},
  author = {Affleck, Ian  and Ludwig, Andreas W. W.},
  journal = {Phys. Rev. Lett.},
  volume = {67},
  number = {2},
  pages = {161--164},
  numpages = {3},
  year = {1991},
  month = {Jul},
  doi = {10.1103/PhysRevLett.67.161},
  publisher = {American Physical Society}
}

@article{White1994,
author = {SR White and RM Noack and DJ Scalapino}, 
journal = {Phys. Rev. Lett.},
title = {Resonating valence bond theory of coupled Heisenberg chains},
number = {6},
pages = {886--889},
volume = {73},
year = {1994},
}

@article{Huanq2006,
author = {Z Huanqiang and T Barthel and U Schollwoeck}, 
journal = {Phys. Rev. A},
title = {Entanglement and boundary critical phenomena},
abstract = {We investigate boundary critical phenomena from a quantum-information perspective. Bipartite entanglement in the ground state of one-dimensional quantum systems is quantified using the Renyi entropy S{sub {alpha}}, which },
number = {5},
pages = {050305(R)},
volume = {74},
year = {2006},
month = {Jan},
}

@article{2dboson,
author = {MJ Cramer and J Eisert and MB Plenio},
journal = {Phys. Rev. A},
volume={73},
pages={012309},
year={2006},
}

@article{network,
author={B Kozma and MB Hastings and G Korniss},
journal={Phys. Rev. Lett.},
volume={95},
pages={018701},
year={2005},
}

@article{MERA,
author={G Evenbly and G Vidal},
journal={Phys. Rev. B},
volume={79},
pages={144108},
year={2009},
}

@article{BoseMetal,
author = {D. N. Sheng and Olexei I. Motrunich and Matthew P. A. Fisher},
title = {Spin Bose-metal phase in a spin-(1/2) model with ring exchange on a two-leg triangular strip},
year = {2009},
journal = {Phys. Rev. B},
volume = {79},
number = {20},
pages = {205112}}

@article{XXX,
author = {J. L. Jacobsen and H. Saleur},
year = {2008},
journal = {Phys. Rev. Lett.},
volume = {100},
number = {8},
pages = {087205}
}

@article{PI,
title={ Topological Entanglement R\'enyi Entropy and Reduced Density Matrix Structure},
author = {Flammia, Steven T. and Hamma, Alioscia  and Hughes, Taylor L. and Wen, Xiao-Gang },
journal = {Phys. Rev. Lett.},
volume = {103},
number = {26},
pages = {261601},
year = {2009}
}

@article{Max,
author = {Max A Metlitski and Carlos A Fuertes and Subir Sachdev}, 
journal = {Phys. Rev. B},
year={2009},
title = {Entanglement entropy in the O(N) model},
volume = {80},
pages = {115122},
}

@article{ryu,
author={Shinsei Ryu and Tadashi Takayanagi},
year={2006},
journal={Phys. Rev. Lett.},
volume={96},
pages={181602}
}

@article{corner,
author={H. Casini and M. Huerta},
journal={Nucl. Phys. B},
volume={764},
year={2007},
pages={183}
}

@article{Ann,
author = {Ann B. Kallin and Iv\'{a}n Gonz\'{a}lez and Matthew B. Hastings and Roger G. Melko},
title = {Valence Bond and von Neumann Entanglement Entropy in Heisenberg Ladders},
year = {2009},
journal = {Phys. Rev. Lett.},
volume = {103},
pages = {117203}
}

@article{AWSloop,
author={ A. W. Sandvik and H. G. Evertz},
year={2008},
eprint={arXiv:0807.0682}
}

@article{Espec,
author={Hui Li and F. D. M. Haldane},
journal = {Phys. Rev. Lett.},
volume={101},
pages={010504},
year={2008}
}

@inbook{Beach,
author ={A. W. Sandvik and K. S. D. Beach},
chapter={22},
title={Computer Simulation Studies in Condensed-Matter Physics XX}, 
publisher={Springer, Berlin},
year={2008}
}

@inbook{Jaeger,
author={Greg Jaeger},
chapter={8},
title={Quantum Information An Overview},
publisher={Springer, Berlin},
year={2007}
}


