% Bibliography of key references for "LaTeX for Thesis and Large Documents"
% For use with BibTeX

@Article{Sandvik_vbqmc,
  title = {Ground State Projection of Quantum Spin Systems in the Valence-Bond Basis},
  author = {Sandvik, Anders W.},
  journal = {Phys. Rev. Lett.},
  volume = {95},
  number = {20},
  pages = {207203},
  numpages = {4},
  year = {2005},
  month = {Nov},
  doi = {10.1103/PhysRevLett.95.207203},
  publisher = {American Physical Society}
}
