@article{Loh90,
  volume = {41},
  journal = {Phys. Rev. B},
  author = {Loh, E. Y. and Gubernatis, J. E. and Scalettar, R. T. and White, S. R. and Scalapino, D. J. and Sugar, R. L.},
  month = {May},
  url = {http://link.aps.org/doi/10.1103/PhysRevB.41.9301},
  doi = {10.1103/PhysRevB.41.9301},
  year = {1990},
  title = {Sign problem in the numerical simulation of many-electron systems},
  issue = {13},
  publisher = {American Physical Society},
  pages = {9301--9307}
}

@article{Henelius00,
  volume = {62},
  journal = {Phys. Rev. B},
  author = {Henelius, Patrik and Sandvik, Anders W.},
  month = {Jul},
  url = {http://link.aps.org/doi/10.1103/PhysRevB.62.1102},
  doi = {10.1103/PhysRevB.62.1102},
  year = {2000},
  title = {Sign problem in Monte Carlo simulations of frustrated quantum spin systems},
  issue = {2},
  publisher = {American Physical Society},
  pages = {1102--1113}
}

@article{Isakov1,
    volume = {97},
    journal = {Phys. Rev. Lett.},
    author = {Isakov, S. V. and Kim, Yong Baek and Paramekanti, A.},
    month = {Nov},
    url = {http://link.aps.org/doi/10.1103/PhysRevLett.97.207204},
    doi = {10.1103/PhysRevLett.97.207204},
    year = {2006},
    title = {Spin-Liquid Phase in a Spin-$1/2$ Quantum Magnet on the Kagome Lattice},
    issue = {20},
    publisher = {American Physical Society},
    numpages = {4},
    pages = {207204}
}

@article{BFG,
    volume = {65},
    journal = {Phys. Rev. B},
    author = {Balents, L. and Fisher, M. P. A. and Girvin, S. M.},
    month = {May},
    url = {http://link.aps.org/doi/10.1103/PhysRevB.65.224412},
    doi = {10.1103/PhysRevB.65.224412},
    year = {2002},
    title = {Fractionalization in an easy-axis Kagome antiferromagnet},
    issue = {22},
    publisher = {American Physical Society},
    numpages = {8},
    pages = {224412}
}

@article{Isakov2,
    volume = {76},
    journal = {Phys. Rev. B},
    author = {Isakov, Sergei V. and Paramekanti, Arun and Kim, Yong Baek},
    month = {Dec},
    url = {http://link.aps.org/doi/10.1103/PhysRevB.76.224431},
    doi = {10.1103/PhysRevB.76.224431},
    year = {2007},
    title = {Exotic phase diagram of a cluster charging model of bosons on the kagome lattice},
    issue = {22},
    publisher = {American Physical Society},
    numpages = {10},
    pages = {224431}
}

@article{TopoEE,
author= {Isakov, Sergei V. and Hastings, Matthew B. and  Melko, Roger G.},
title={Topological entanglement entropy of a Bose-Hubbard spin liquid},
journal={Nat. Phys.},
year={2011},
volume={7},
pages={772-775}
}

@article{Flammia,
    volume = {103},
    journal = {Phys. Rev. Lett.},
    author = {Flammia, Steven T. and Hamma, Alioscia and Hughes, Taylor L. and Wen, Xiao-Gang},
    month = {Dec},
    url = {http://link.aps.org/doi/10.1103/PhysRevLett.103.261601},
    doi = {10.1103/PhysRevLett.103.261601},
    year = {2009},
    title = {Topological Entanglement R\'enyi Entropy and Reduced Density Matrix Structure},
    issue = {26},
    publisher = {American Physical Society},
    numpages = {4},
    pages = {261601}
}

@article{Long,
    volume = {84},
    journal = {Phys. Rev. B},
    author = {Dang, Long and Inglis, Stephen and Melko, Roger G.},
    month = {Oct},
    url = {http://link.aps.org/doi/10.1103/PhysRevB.84.132409},
    doi = {10.1103/PhysRevB.84.132409},
    year = {2011},
    title = {Quantum spin liquid in a spin-$\frac{1}{2}$ $XY$ model with four-site exchange on the kagome lattice},
    issue = {13},
    publisher = {American Physical Society},
    numpages = {4},
    pages = {132409}
}

@article{Jin12,
  volume = {85},
  journal = {Phys. Rev. B},
  author = {Jin, Songbo and Sandvik, Anders W.},
  month = {Jan},
  url = {http://link.aps.org/doi/10.1103/PhysRevB.85.020409},
  doi = {10.1103/PhysRevB.85.020409},
  year = {2012},
  title = {Universal N\'eel temperature in three-dimensional quantum antiferromagnets},
  issue = {2},
  publisher = {American Physical Society},
  numpages = {4},
  pages = {020409}
}

@article{Tang11a,
  volume = {107},
  journal = {Phys. Rev. Lett.},
  author = {Tang, Ying and Sandvik, Anders W.},
  month = {Oct},
  url = {http://link.aps.org/doi/10.1103/PhysRevLett.107.157201},
  doi = {10.1103/PhysRevLett.107.157201},
  year = {2011},
  title = {Method to Characterize Spinons as Emergent Elementary Particles},
  issue = {15},
  publisher = {American Physical Society},
  numpages = {5},
  pages = {157201}
}

@article{Tang11b,
  volume = {84},
  journal = {Phys. Rev. B},
  author = {Tang, Ying and Sandvik, Anders W. and Henley, Christopher L.},
  month = {Nov},
  url = {http://link.aps.org/doi/10.1103/PhysRevB.84.174427},
  doi = {10.1103/PhysRevB.84.174427},
  year = {2011},
  title = {Properties of resonating-valence-bond spin liquids and critical dimer models},
  issue = {17},
  publisher = {American Physical Society},
  numpages = {23},
  pages = {174427}
}

@article{Sandvik11a,
  volume = {106},
  journal = {Phys. Rev. Lett.},
  author = {Sandvik, Anders W. and Kotov, Valeri N. and Sushkov, Oleg P.},
  month = {May},
  url = {http://link.aps.org/doi/10.1103/PhysRevLett.106.207203},
  doi = {10.1103/PhysRevLett.106.207203},
  year = {2011},
  title = {Thermodynamics of a Gas of Deconfined Bosonic Spinons in Two Dimensions},
  issue = {20},
  publisher = {American Physical Society},
  numpages = {4},
  pages = {207203}
}

@article{Sen10,
  volume = {82},
  journal = {Phys. Rev. B},
  author = {Sen, Arnab and Sandvik, Anders W.},
  month = {Nov},
  url = {http://link.aps.org/doi/10.1103/PhysRevB.82.174428},
  doi = {10.1103/PhysRevB.82.174428},
  year = {2010},
  title = {Example of a first-order N\'eel to valence-bond-solid transition in two dimensions},
  issue = {17},
  publisher = {American Physical Society},
  numpages = {7},
  pages = {174428}
}

@article{Banerjee11,
  volume = {83},
  journal = {Phys. Rev. B},
  author = {Banerjee, Argha and Damle, Kedar and Paramekanti, Arun},
  month = {Apr},
  url = {http://link.aps.org/doi/10.1103/PhysRevB.83.134419},
  doi = {10.1103/PhysRevB.83.134419},
  year = {2011},
  title = {N\'eel to staggered dimer order transition in a generalized honeycomb lattice Heisenberg model},
  issue = {13},
  publisher = {American Physical Society},
  numpages = {8},
  pages = {134419}
}

@article{Sandvik10a,
  volume = {82},
  journal = {Phys. Rev. B},
  author = {Sandvik, Anders W. and Evertz, Hans Gerd},
  month = {Jul},
  url = {http://link.aps.org/doi/10.1103/PhysRevB.82.024407},
  doi = {10.1103/PhysRevB.82.024407},
  year = {2010},
  title = {Loop updates for variational and projector quantum Monte Carlo simulations in the valence-bond basis},
  issue = {2},
  publisher = {American Physical Society},
  numpages = {11},
  pages = {024407}
}

@article{Sandvik07,
    volume = {98},
    journal = {Phys. Rev. Lett.},
    author = {A. W. Sandvik},
    year = {2007},
    pages = {227202}
}


@article{Chandra88,
    author = {P. Chandra and B. Doucot},
    journal = {Phys. Rev. B},
    volume =  {38}, 
    pages ={9335},
    year = {1988}
}

@article{Dagotto89,
    author = {E. Dagotto and A. Moreo}, 
    journal = {Phys. Rev. Lett.},
    volume = {63},
    pages = {2148}, 
    year = {1989}
}

@article{Read89,
   author = {N. Read and S. Sachdev}, 
   journal = {Phys. Rev. Lett.},
   volume =  {62}, 
   pages = {1694},
   year = {1989}
}


@Article{XYstar1,
    title = {Universal magnetic properties of frustrated quantum antiferromagnets in two dimensions},
    author = {Chubukov, Andrey V. and Senthil, T.  and Sachdev, Subir },
    journal = {Phys. Rev. Lett.},
    volume = {72},
    number = {13},
    pages = {2089--2092},
    year = {1994}
}

@article{XYstar2,
    title= {Quantum phase transitions in frustrated quantum antiferromagnets},
    author={Andrey V. Chubukov and Subir Sachdev and T. Senthil},
    journal={Nuclear Physics B},
    volume ={426},
    Issue={3},
    year={1994},
    pages={ 601--643}
}

@article{earlyXYstar,
    Author={T. Senthil and O. Motrunich},
    Journal={Phys. Rev. B},
    Volume={66},
    Pages={205104},
    Year={2002}
}

@article{compositeMC,
Author={H. G. Ballesteros and L. A. Fernandez and V. Martin-Mayor and A. Munoz Sudupe},
Journal={Phys. Lett B},
Volume={387},
Pages={125},
Year={1996}
}

@article{compositefieldtheory,
Author={P. Calabrese and A. Pelissetto and E. Vicari},
Journal={Phys. Rev. E},
Volume={65},
Pages={046115},
Year={2002}
}

@article{Yan,
author = {Yan, Simeng and Huse, David A. and White, Steven R.}, 
title = {Spin-Liquid Ground State of the S = 1/2 Kagome Heisenberg Antiferromagnet}, 
volume = {332}, 
number = {6034}, 
pages = {1173-1176}, 
year = {2011}, 
doi = {10.1126/science.1201080}, 
URL = {http://www.sciencemag.org/content/332/6034/1173.abstract}, 
eprint = {http://www.sciencemag.org/content/332/6034/1173.full.pdf}, 
journal = {Science} 
}


@article{Meng,
author = {Meng, Z. Y. and   Lang, T. C. and  Wessel, S. and  Assaad, F. F.  and  Muramatsu, A.},
title ={Quantum spin liquid emerging in two-dimensional correlated Dirac fermions},
journal={Nature},
year={2010},
volume={464},
pages={847- 851}
}

@article{J1J2,
author = {Hong-Chen Jiang and  Hong Yao and Leon Balents},
journal= {arXiv:1112.2241}
}

@article{Alioscia1,
    title = "Ground state entanglement and geometric entropy in the Kitaev model",
    journal = "Physics Letters A",
    volume = "337",
    number = "1-2",
    pages = "22 - 28",
    year = "2005",
    author = "Alioscia Hamma and Radu Ionicioiu and Paolo Zanardi"
}

@Article{Alioscia2,
    title = {Bipartite entanglement and entropic boundary law in lattice spin systems},
    author = {Hamma, Alioscia  and Ionicioiu, Radu  and Zanardi, Paolo },
    journal = {Phys. Rev. A},
    volume = {71},
    number = {2},
    pages = {022315},
    year = {2005}
}

@article{LW,
    author = {Michael Levin and Xiao-Gang Wen},
    collaboration = {},
    title = {Detecting Topological Order in a Ground State Wave Function},
    publisher = {APS},
    year = {2006},
    journal = {Phys. Rev. Lett},
    volume = {96},
    number = {11},
    eid = {110405},
    pages = {110405}
}

@article{KP,
    author = {Alexei Kitaev and John Preskill},
    collaboration = {},
    title = {Topological Entanglement Entropy},
    publisher = {APS},
    year = {2006},
    journal = {Phys. Rev. Lett.},
    volume = {96},
    number = {11},
    eid = {110404},
    pages = {110404}
}


@article{castelnovo,
    title = {Entanglement and topological entropy of the toric code at finite temperature},
    author = {Castelnovo, Claudio  and Chamon, Claudio },
    journal = {Phys. Rev. B},
    volume = {76},
    number = {18},
    pages = {184442},
    numpages = {15},
    year = {2007},
    month = {Nov},
    doi = {10.1103/PhysRevB.76.184442},
    publisher = {American Physical Society}
}

