
@STRING{pre="Phys. Rev. E"}
@STRING{prb ="Phys. Rev. B"}
@STRING{prd="Phys. Rev. D"}
@STRING{prl="Phys. Rev. Lett."}
@STRING{pra="Phys. Rev. A"}
@STRING{rmp="Rev. Mod. Phys."}

@ARTICLE{KawHarRev,
author={Naoki Kawashima and Kenji Harada},
journal = "J. Phys. Soc. Jpn.", volume=73,pages=1379,
year = 2004}

@BOOK{LiuMC,
author={Jun S. Liu},
title={Monte Carlo Strategies in Scientific Computing},
publisher="Springer",
address="New York",
year = 2001}

@BOOK{Betts,
title= {Phase Transitions and Critical Phenomena},
publisher="Academic",
address="London",
editor={C. Domb and M. S. Green},
volume=3,
pages=569,
year=1974}

@ARTICLE{PolletMC,
author={Lode Pollet and Stefan M. A.  Rombouts and Kris Van Houcke and Kris Heyde },
journal = "cond-mat/0405150",
year=2004}

@ARTICLE{Metrop,
author={N Metropolis  and A W Rosenbluth  and M N Rosenbluth  and A H Teller and E Teller},
journal="J. Chem. Phys.",
volume=21,
pages=1087,
year=1953}

@ARTICLE{Suz,
author={M Suzuki},
journal="Prog. Theor. Phys.",
volume = 56,
year = 1976,
pages=1454}

@ARTICLE{Trott,
author={H F Trotter},
journal="Proc. Am. Math. Soc.",
volume=10,
pages=545,
year=1959}

@ARTICLE{LohSP,
author={E Y Loh and J E Gubernatis and R T Scalettar and S R White and D J Scalapino and R L Sugar},
journal=prb,
volume=41,
pages=9301,
year=1990}

@ARTICLE{sse1,
author={A W Sandvik and J Kurkijarvi},
journal=prb, volume=43, pages=5950, year=1991}

@ARTICLE{sse2,
author={A W Sandvik},
journal="J. Phys. A", volume=25, pages=3667, year=1992}

@ARTICLE{sse3,
author={A W Sandvik},
journal=prb,volume=56,pages=11678,year=1997}

@ARTICLE{sse4,
author={A W Sandvik},
journal=prb,volume=59,pages="R14157",year=1999}

@ARTICLE{hands1,
author={D C Handscomb}, journal="Proc. Cambridge Philos. Soc.", volume=58,pages=594,year=1962}

@ARTICLE{hands2,
author={D C Handscomb}, journal="Proc. Cambridge Philos. Soc.", volume=60,pages=115,year=1964}

@ARTICLE{swalg,
author={R H Swendsen and J S Wang},journal=prl, volume= 58,pages= 86,year= 1987}

@ARTICLE{RK,
author={ D S Rokhsar and S A Kivelson}, journal=prl,volume=61,pages=2376,year= 1988}

@ARTICLE{melkoFIELD,
author={R G Melko and A W Sandvik and D J Scalapino}, journal =prb, volume= 69, 
pages="100408(R)", year=2004}

@ARTICLE{leonandanton,
author={L. Balents and L. Bartosch and A. Burkov and S. Sachdev and K. Sengupta},
journal="cond-mat/0408329", year=2004}

@INBOOK{MahanKUBO,
author={Gerald D. Mahan},
title={Many-Particle Physics},
edition ="third",
publisher="Plenum Press",
address="New York",
pages={160--182},
year = 2000}

@ARTICLE{FisherRHO,
author={M. E. Fisher and M. N. Barber and D. Jasnow},
journal=pra, volume=8, pages=1111, year=1973}

@ARTICLE{JKprl,
author={A. W. Sandvik and S. Daul and R. R. P. Singh and D. J. Scalapino},
journal=prl, volume=89, pages=247201, year=2002}

@ARTICLE{XYrad,
author={ R. G. Melko and A. W. Sandvik and D. J. Scalapino},
journal= prb, volume= 69, pages=014509, year=2004}

@ARTICLE{AndersPC,
author={A. W. Sandvik}, journal="private communication"}

@ARTICLE{LBpc,
author={L. Balents}, journal="private communication"}

@ARTICLE{RGfisher,
author={D. S. Fisher and P. C. Hohenberg}, journal=prb, volume=37,pages=4936,year=1987}

@ARTICLE{RGsachdev,
author={S. Sachdev and T. Senthil and R. Shankar},
journal=prb, volume=50, pages=258, year=1994}

@ARTICLE{Harada,
author={K. Harada and N. Kawashima},
journal="J. Phys. Soc. Jpn.", volume=67, pages=2768, year=1998}

@ARTICLE{SS1,
author={E. Frey and L. Balents},journal=prb,volume=55,pages=1050,year=1996}
@ARTICLE{SS2,
author={C. Pich and E. Frey},journal=prb,volume=57,pages=13712,year=1997}
@ARTICLE{SS3,
author={G. Schmid and M. Troyer}, journal="cond-mat/0304657", year=2003}

@ARTICLE{O3sigma,
author={O. I. Motrunich and A. Vishwanath},
journal=prb,volume=70,pages=075104, year=2004}

@ARTICLE{KProSvis,
author={A. Kuklov and N. Prokof'ev and B. Svistunov}, journal=prl,volume=93,pages=230402, year=2004}

@ARTICLE{DQCP1,
author={T. Senthil and A. Vishwanath and L. Balents and S. Sachdev and M. P. A. Fisher},
journal="Science", volume=303, pages=1490, year=2004} 

@ARTICLE{DQCP2,
author={T. Senthil and L. Balents and S. Sachdev and A. Vishwanath and M. P. A. Fisher},
journal=prb,volume=70,pages=144407,year=2004}

@ARTICLE{PSmc3D,
author= {M. H. Pedersen and T. Schneider}, journal=prb,volume=53,pages=5826, year=1996}

@ARTICLE{WOH,
author={ Z. Weihong and J. Oitmaa and C. J. Hamer},journal=prb,volume= 44, pages=11869,year=1991}

@ARTICLE{HNfss,
author={P. Hasenfratz and F. Niedermayer},journal="Z. Phys. B",volume=92,pages=91,year=1993}

@ARTICLE{AH2dXY,
author={A. W. Sandvik and C. J. Hamer},journal=prb,volume=60,pages=6588,year=1999}

@ARTICLE{MRKprb,
author={R. Micnas and S. Robaszkiewicz and T. Kostyrko},journal=prb,volume=52,pages=6863, year=1995}

@ARTICLE{Bern,
author={K. Bernardet and G. G. Batrouni and J.-L. Meunier and G.~Schmid and M.~Troyer and 
A.~Dorneich}, journal=prb,volume=65,pages=104519,year=2002}

@ARTICLE{GSJswt,
author={G. Gomez-Santos and J. D. Joannopoulos},
journal=prb,volume=36,pages=8707,year=1987}

@INBOOK{RadoSuhl,
editor={G. T. Rado and H. Suhl},
publisher="Academic Press",
address="New York",
year = 1963,
pages={299--379},
title={Magnetism},
volume=1,
}

@ARTICLE{HPtrans,
author={T. Holstein and H. Primakoff},
journal="Phys. Rev.", volume = 58, pages=1098,year=1940}

@ARTICLE{FN,
author={D. F. B. ten Haaf and H. J. M. van Bemmel and J. M. J. van Leeuwen and W. van Saarloos  and D. M. Ceperley},
journal=prb,volume=51,pages=13039,year=1995}

@ARTICLE{sSR,
author={S. Sorella}, journal=prl,volume=80,pages=4338,year=1998}

@ARTICLE{detQMC,
author={R. Blankenbecler and D. J. Scalapino and R. L. Sugar},
journal=prd,volume=24,pages=2278,year=1981}

@ARTICLE{JKmeth,
author={R. G. Melko and A. W. Sandvik}, 
journal=pre,volume=72,pages=026702,year=2005}

@ARTICLE{DIRloop,
author={O. F. Sylju{\aa}sen and A. W. Sandvik},journal=pre, volume=66,pages=046701,year=2002}

@ARTICLE{PolCep,
author={E. L. Pollock and D. M. Ceperley}, journal=prb,volume=36, pages=8343, year=1987}

@ARTICLE{PSxx,
author={N. V. Prokof'ev and B. V. Svistunov},journal=prb,volume=61,pages=11282,year=1999}

@ARTICLE{KTxx,
author={J. M. Kosterlitz and D. J. Thouless}, journal= "J. Phys. C",volume=6,pages=1181,year=1973}

@ARTICLE{LiuFish,
author={K.-S. Liu and M. E. Fisher},journal="J. Low. Temp. Phys.",volume=10,pages=655,year=1972}

@ARTICLE{LSM,
author={E. Lieb and T. Schultz and D. Mattis},journal="Ann. Phys.",volume=16,pages=407,year=1961}

@ARTICLE{Schmid,
author={G. Schmid and S. Todo and M. Troyer and A. Dorneich},
journal=prl,volume=88,pages=167208,year=2002}

@ARTICLE{Hebert,
author={F. Hebert and G. G. Batrouni and R. T. Scalettar and G. Schmid and M. Troyer and A. Dorneich},
journal=prb,volume=65,pages=014513,year=2002}

@ARTICLE{Melko3D,
author={R. G. Melko and D. J. Scalapino}, 
journal=prb,volume=71,pages=094511,year=2005}

@ARTICLE{LucaPC,
author={L. Capriotti}, journal="private communication"}

@INBOOK{Adrian,
author={A. G. del Maestro},
publisher="University of Waterloo",
year = 2003,
pages={35--36},
title={M. Sc. Thesis}
}

@ARTICLE{Cuccoli,
author={A. Cuccoli and T. Roscilde and V. Tognetti and R. Vaia and P. Verrucchi},
journal=prb,volume=67,pages=104414,year=2003}

@ARTICLE{IA1,
author={Ian Affleck and Tom Kennedy and Elliott H. Lieb and Hal Tasaki},
journal=prl,volume=59,pages=799,year=1987}

@BOOK{LosAlamos,
editor={James E. Gubernatis},
title={The Monte Carlo Method in the Physical Sciences},
publisher="AIP Conference Proceedings",
volume=690,
address="New York",
year = 2003}

@ARTICLE{Amcd,
author={A. H. MacDonald and S. M. Girvin and D. Yoshioka},
journal=prb, volume=37, pages=9753,year=1988}

@ARTICLE{JYring,
author={J.-Y. P. Delannoy and M. J. P. Gingras and P. C. W. Holdsworth and A.-M. S. Tremblay},
journal="cond-mat/0412033", year=2004}

@ARTICLE{CRing,
author={R. Coldea and S. M. Hayden and G. Aeppli and T. G. Perring and C. D. Frost and T. E. Mason and S.-W. Cheong and Z. Fisk},
journal=prl,volume=86,pages=5377,year=2001}

@ARTICLE{OlattRing,
author={H. P. B\"uchler and P. Zoller}, journal="unpublished"}

@INBOOK{MisLhul,
author={G. Misguich and C. Lhuillier},
title={Frustrated Spin Systems},
chapter=5,
publisher="World Scientific",
address="New Jersey",
year = 2005}

@ARTICLE{NKrho,
author={D. R. Nelson and J. M. Kosterlitz}, journal=prl, volume=39, pages=1201, year =1977}

@ARTICLE{bogol,
author={N. Bogoliubov}, journal="J. Phys. (USSR)", volume=11, pages=23,year=1947}

@ARTICLE{Hirsch,
author={J. E. Hirsch and D. J. Scalapino and R. L. Sugar and R. Blankenbecler},
journal=prl, volume=47, pages=1628,year=1981}

@ARTICLE{TSpc,
author={T. Senhil and M. Fisher and L. Balents and M. Hermele and D. Scalapino and R. Melko and A. Sandvik}, journal="private communication"}

@ARTICLE{Evertz,
author={H. G. Evertz and G. Lana and M. Marcu}, journal=prl, volume=70,pages=875,year=1993}

@ARTICLE{PSTworm,
author={N. V. Prokof'ev and B. V. Svistunov and I. S. Tupitsyn}, 
journal="Sov. Phys. JETP",volume=87, pages=310, year=1998}

@ARTICLE{SWZprb,
author={D. J. Scalapino and S. R. White and S. Zhang},
journal=prb,volume=47,pages=7995,year=1993}

@ARTICLE{RADsw,
author={ R. G. Melko and A. W. Sandvik and D. J. Scalapino},
journal= "unpublished", year=2005}

@ARTICLE{SStri1,
author={Stefan Wessel and Matthias Troyer},
journal=prl,volume=95,pages=127205,year=2005}

@ARTICLE{SStri2,
author={Dariush Heidarian and Kedar Damle},
journal=prl,volume=95,pages=127206,year=2005}

@ARTICLE{SStri3,
author={R. G. Melko and A. Paramekanti and A. A. Burkov and A. Vishwanath and D. N. Sheng and L. Balents},
journal=prl,volume=95,pages=127207,year=2005}

@ARTICLE{PTsse,
author={Pinaki Sengupta and Anders W. Sandvik and David K. Campbel},
journal=prb,volume=65,pages=155113,year=2002}

@ARTICLE{Tplaq,
author={K. Louis and C. Gros},
journal=prb,volume=70,pages=100410,year=2004}

@ARTICLE{KagomeVBS,
author={S. V. Isakov and S. Wessel and R. G. Melko and K. Sengupta and Yong Baek Kim},
journal=prl,volume=97,pages=147202,year=2006}
 
@ARTICLE{MurthyMFT,
author={Ganpathy Murthy and Daniel Arovas and Assa Auerbach},
journal=prb,volume=55,pages=3104,year=1997}

@ARTICLE{NNNTri,
author={Roger G. Melko and Adrian {Del Maestro} and Anton A. Burkov},
journal=prb,volume=74,pages=214517,year=2006}

@ARTICLE{IsingFrustMoes,
author={R. Moessner and S. L. Sondhi},
journal=prb,volume=63,pages=224401,year=2001}

@ARTICLE{theBurkonian,
author={A. A. Burkov and L. Balents},
journal=prb,volume=72,pages=134502,year=2005}

@ARTICLE{KagomeDVT,
author={K. Sengupta and S. V. Isakov and Yong Baek Kim},
journal=prb,volume=73,pages=245103,year=2006}

@ARTICLE{KagomeDamle,
author={K. Damle and T. Senthil},
journal=prl,volume=97,pages=067202,year=2006}

@ARTICLE{SergeiPC,
author={S. V. Isakov}, journal="private communication"}

@ARTICLE{JKexp_1,
author={A.~W.~Sandvik and R. G. Melko},
journal="cond-mat/0604451",year=2006}

@ARTICLE{JKexp_2,
author={A.~W.~Sandvik and R. G. Melko},
journal="Ann. Phys. (NY)",volume=321,pages=1651,year=2006}

@ARTICLE{JQ_1,
author={Anders W. Sandvik},
journal=prl,volume=98,pages=227202,year=2007}

@ARTICLE{VBbasis,
author={Anders W. Sandvik},
journal=prl,volume=95,pages=207203,year=2005}

@ARTICLE{JQ_todo,
author={Ribhu K. Kaul and Roger G. Melko},
journal="in preparation",year=2007}

@ARTICLE{Chubukov,
author={Andrey V. Chubukov and Subir Sachdev and Jinwu Ye},
journal=prb,volume=49,pages=11919,year=1994}

@ARTICLE{rs,
author={N. Read and S. Sachdev},
journal=prb,volume=42,pages=4568,year=1990}

@ARTICLE{Camp,
author={M. Campostrini and M. Hasenbusch and A. Pelissetto and P. Rossi and E. Vicari},
journal=prb,volume=65,pages=144520,year=2002}

@BOOK{subirbook,
author={Subir Sachdev},
title={Quantum Phase Transition},
publisher="Cambridge University Press",
address="New York",
year = 1999}

@ARTICLE{RegYng,
author={J. D. Reger and A. P. Young},
journal=prb,volume=37,pages=5978,year=1988}

@ARTICLE{NeelRMP,
author={Efstratios Manousakis},
journal=rmp,volume=63,pages=1,year=1991}

