@article{VBS_EE1,
	author = "Kastura, H. and Kawashima, N. and Kirillov, A. N. and Korepin, V. E. and Tanaka, S.",
	title = "Entanglement in valence-bond-solid states on symmetric graphs",
	journal = {J. Phys. A: Math. Theor.},
	volume = "43",
	pages = "255303",
	doi = "10.1088/1751-8113/43/25/255303",
	year = "2010"
}

@article{VBS_EE2,
	author = "Lue, J. and Tanaka, S. and Katsura, H. and Kawashima, N.",
	title = {Entanglement spectra of the two-dimensional Affleck-Kennedy-Lieb-Tasaki model: Correspondence between the valence-bond-solid state and conformal field theory},
	journal = "Phys. Rev. B.",
	volume = "84",
	pages = "245128",
	doi = "10.1103/PhysRevB.84.245128",
	year = "2012"
}

@article{sutherland1988monte,
	title = {Monte Carlo investigation of the resonating-valence-bond ground state and a lattice statistical model},
	author = {Sutherland, B.},
	journal = {Phys. Rev. B},
	volume = {38},
	issue = {10},
	pages = {6855--6862},
	year = {1988},
	doi = {10.1103/PhysRevB.38.6855},
	publisher = {American Physical Society}
}

@article{liang1988some,
	title = {Some New Variational Resonating-Valence-Bond-Type Wave Functions for the Spin-1/2 Antiferromagnetic Heisenberg Model on a Square Lattice},
	author = {Liang, S. and Doucot, B. and Anderson, P. W.},
	journal = {Phys. Rev. Lett.},
	volume = {61},
	issue = {3},
	pages = {365--368},
	year = {1988},
	doi = {10.1103/PhysRevLett.61.365},
	publisher = {American Physical Society}
}

     
@article{Ju2012,
	title = {Entanglement scaling in two-dimensional gapless systems},
	author = {Ju, H. and Kallin, A. B. and Fendley, P. and Hastings, M. B. and Melko, R. G.},
	archivePrefix = {arXiv},
	eprint = {1112.4474},
	journal = {Phys. Rev. B},
	volume = {85},
	issue = {16},
	pages = {165121},
	numpages = {5},
	month = {Mar},
	year = {2012},
	doi = {10.1103/PhysRevB.85.165121},
	publisher = {American Physical Society}
}

@article{Konik,
	author = "James, A. J. A. and Konik, R. M.",
	title = "{Understanding the entanglement entropy and spectra of 2D quantum systems through arrays of coupled 1D chains}",
	archivePrefix = {arXiv},
	eprint = {1208.4033},
	journal = {arXiv:1208.4033},
	year = "2012"
}

@article{RVB1,
	title = {Critical correlations for short-range valence-bond wave functions on the square lattice},
	author = {Albuquerque, A. F. and Alet, F.},
	archivePrefix = {arXiv},
	eprint = {1009.1307},
	journal = {Phys. Rev. B},
	volume = {82},
	issue = {18},
	pages = {180408},
	numpages = {4},
	year = {2010},
	month = {Nov},
	doi = {10.1103/PhysRevB.82.180408},
	publisher = {American Physical Society}
}

@article{RVB2,
	title = {Properties of resonating-valence-bond spin liquids and critical dimer models},
	author = {Tang, Y. and Sandvik, A. W. and Henley, C. L.},
	archivePrefix = {arXiv},
	eprint = {1010.6146},
	journal = {Phys. Rev. B},
	volume = {84},
	issue = {17},
	pages = {174427},
	numpages = {23},
	year = {2011},
	month = {Nov},
	doi = {10.1103/PhysRevB.84.174427},
	publisher = {American Physical Society}
}

@article{FMS,
	title = {Classical dimers on the triangular lattice},
	author = {Fendley, P. and Moessner, R. and Sondhi, S. L.},
	arachivePrefix = {arXiv},
	eprint = {cond-mat/0206159},
	journal = {Phys. Rev. B},
	volume = {66},
	issue = {21},
	pages = {214513},
	numpages = {14},
	year = {2002},
	month = {Dec},
	doi = {10.1103/PhysRevB.66.214513},
	publisher = {American Physical Society}
}

@article{Lieb1967,
	author = "Lieb, E. H.",
	journal = "J. Math. Phys.",
	pages = "2339",
	title = "{Solution of the Dimer Problem by the Transfer Matrix Method}",
	volume = "8",
	doi = {10.1063/1.1705163},
	year = "1967"
}

@article{Alet_dimers1,
	author = "Alet, F. and Jacobsen, J. L. and Misguich, G. and Pasquier, V. and Mila, F. and Troyer, M.",
	doi = "10.1103/PhysRevLett.94.235702",
	journal = "Phys. Rev. Lett",
	pages = "235702",
	title = "{Interacting Classical Dimers on the Square Lattice}",
	volume = "94",
	year = "2005"
}

@article{Alet_dimers2,
	title = {Classical dimers with aligning interactions on the square lattice},
	author = {Alet, F. and Ikhlef, Y. and Jacobsen, J. L. and Misguich, G. and Pasquier, V.},
	archivePrefix = {arXiv},
	eprint = {cond-mat/0607747},
	journal = {Phys. Rev. E},
	volume = {74},
	issue = {4},
	pages = {041124},
	numpages = {24},
	year = {2006},
	month = {Oct},
	doi = {10.1103/PhysRevE.74.041124},
	publisher = {American Physical Society}
}


@article{KarlinMcGregor,
	author = "Karlin, S. and McGregor, J.",
	journal = "Pacific. J. Math.",
	pages = "1141-1164",
	title = "Coincidence probabilities",
	volume = "9",
	year = "1959"
}

@article{Lindstrom1973,
	author = "Lindstr{\"o}m, B.",
	journal = "Bull. London. Math. Soc.",
	pages = "85",
	title = "{On the vector representation of induced matroids}",
	volume = "5",
	doi = {10.1112/blms/5.1.85},
	year = "1973"
}

@article{GesselViennot1989,
	author = "Gessel, I. M. and Viennot, X. G.",
	journal = "eprint",
	volume = "132",
	number = "197.15",
	title = "{Determinants, paths, and plane partitions}",
	year = "1989"
}

@article{EggertAffleck,
	author = "Eggert, S. and Affleck, I.",
	doi = "10.1103/PhysRevB.46.10866",
	journal = "Phys. Rev. B",
	pages = "10866",
	title = "{Magnetic impurities in half-integer-spin Heisenberg antiferromagnetic chains}",
	volume = "46",
	year = "1992"
}

@article{FSW,
	author = "Fendley, P. and Saleur, H. and Warner, N. P.",
	doi = "10.1016/0550-3213(94)90160-0",
	journal = "Nucl. Phys. B",
	pages = "577",
	title = "{Exact solution of a massless scalar field with a relevant boundary interaction}",
	volume = "430",
	year = "1994"
}

@book{BigYellowBook,
	author = "Di Francesco, P. and Mathieu, P. and S{\'e}n{\'e}chal, D.",
	title = {Conformal Field Theory},
	publisher= {Springer Verlag},
	year = "1997"
}

@article{AffleckAndLudwig,
	author = "Affleck, I. and Ludwig, A. W. W.",
	doi = "10.1103/PhysRevLett.67.161",
	journal = "Phys. Rev. Lett.",
	month = "Jul",
	number = "2",
	numpages = "3",
	pages = "161--164",
	publisher = "American Physical Society",
	title = "{Universal noninteger ground-state degeneracy in critical quantum systems}",
	volume = "67",
	year = "1991"
}

@article{Boutillier,
	author = "Boutillier, C. and de Tilli{\`e}re, B.",
	archivePrefix = {arXiv},
	eprint = {math/0608600},
	doi = "10.1214/09-AOP453",
	journal = "Ann. Probab.",
	pages = "1747",
	title = "{Loop statistics in the toroidal honeycomb dimer model}",
	volume = "37",
	year = "2009"
}

@article{Damle,
	title = {Resonating Valence Bond Wave Functions and Classical Interacting Dimer Models},
	author = {Damle, K. and Dhar, D. and Ramola, K.},
	archivePrefix = {arXiv},
	eprint = {1112.4917},
	journal = {Phys. Rev. Lett.},
	volume = {108},
	issue = {24},
	pages = {247216},
	numpages = {5},
	year = {2012},
	month = {Jun},
	doi = {10.1103/PhysRevLett.108.247216},
	publisher = {American Physical Society}
}

@article{ALreview,
	title = {\textit{Colloquium}      : Area laws for the entanglement entropy},
	author = {Eisert, J. and Cramer, M. and Plenio, M. B.},
	archivePrefix = {arXiv},
	eprint = {0808.3773},
	journal = {Rev. Mod. Phys.},
	volume = {82},
	issue = {1},
	pages = {277--306},
	year = {2010},
	month = {Feb},
	doi = {10.1103/RevModPhys.82.277},
	publisher = {American Physical Society}
}


@article{FradkinMoore,
	title = {Entanglement Entropy of 2D Conformal Quantum Critical Points: Hearing the Shape of a Quantum Drum},
	author = {Fradkin, E. and Moore, J. E.},
	archivePrefix = {arXiv},
	eprint = {cond-mat/0605683},
	journal = {Phys. Rev. Lett.},
	volume = {97},
	issue = {5},
	pages = {050404},
	numpages = {4},
	year = {2006},
	month = {Aug},
	doi = {10.1103/PhysRevLett.97.050404},
	publisher = {American Physical Society}
}

@article{Hsu2009,
	title = {Universal entanglement entropy in two-dimensional conformal quantum critical points},
	author = {Hsu, B. and Mulligan, M. and Fradkin, E. and Kim, E-A.},
	archivePrefix = {arXiv},
	eprint = {0812.0203},
	journal = {Phys. Rev. B},
	volume = {79},
	issue = {11},
	pages = {115421},
	numpages = {13},
	year = {2009},
	month = {Mar},
	doi = {10.1103/PhysRevB.79.115421},
	publisher = {American Physical Society}

}

@article{Shannonee,
	title = {Shannon and entanglement entropies of one- and two-dimensional critical wave functions},
	author = {St\'ephan, J.-M. and Furukawa, S. and Misguich, G. and Pasquier, V.},
	archivePrefix = {arXiv},
	eprint = {0906.1153},
	journal = {Phys. Rev. B},
	volume = {80},
	issue = {18},
	pages = {184421},
	numpages = {24},
	year = {2009},
	month = {Nov},
	doi = {10.1103/PhysRevB.80.184421},
	publisher = {American Physical Society}
}

@article{Stephan2011,
	title = "{Phase transition in the R\'enyi-Shannon entropy of Luttinger liquids}",
	author = {St\'ephan, J.-M. and Misguich, G. and Pasquier, V.},
	archivePrefix = {arXiv},
	eprint = {1104.2544},
	journal = {Phys. Rev. B},
	volume = {84},
	issue = {19},
	pages = {195128},
	numpages = {4},
	year = {2011},
	month = {Nov},
	doi = {10.1103/PhysRevB.84.195128},
	publisher = {American Physical Society}
}

@article{Oshikawa,
	archivePrefix = "arXiv",
	author = "Oshikawa, M.",
	eprint = {1007.3739},
	journal = "arXiv:1007.3739",
	title = "{Boundary Conformal Field Theory and Entanglement Entropy in Two-Dimensional Quantum Lifshitz Critical Point}",
	year = "2010"
}

@article{Zaletel,
	author = "Zaletel, M. P. and Bardarson, J. H. and Moore, J. E.",
	doi = "10.1103/PhysRevLett.107.020402",
	archivePrefix = {arXiv},
	eprint = {1103.5452},
	journal = "Phys.Rev.Lett.",
	pages = "020402",
	title = "{Logarithmic terms in entanglement entropies of 2D quantum critical points and Shannon entropies of spin chains}",
	volume = "107",
	year = "2011"
}

@article{FurukawaMisguich,
	title = {Topological entanglement entropy in the quantum dimer model on the triangular lattice},
	author = {Furukawa, S. and Misguich, G.},
	archivePrefix = {arXiv},
	eprint = {cond-mat/0612227},
	journal = {Phys. Rev. B},
	volume = {75},
	issue = {21},
	pages = {214407},
	numpages = {10},
	year = {2007},
	month = {Jun},
	doi = {10.1103/PhysRevB.75.214407},
	publisher = {American Physical Society}
}

@article{CCT1,
	author = "Calabrese, P. and Cardy, J. and Tonni, E.",
	doi = "10.1088/1742-5468",
	archivePrefix = {arXiv},
	eprint = {0905.2069},
	journal = "J. Stat. Mech.",
	title = "{Entanglement entropy of two disjoint intervals in conformal field theory}",
	pages = "P11001",
	year = "2009"
}

@article{CCT2,
	author = "Calabrese, P. and Cardy, J. and Tonni, E.",
	doi = "10.1088/1742-5468",
	archivePrefix = {arXiv},
	eprint = {1011.5482},
	journal = "J. Stat. Mech.",
	title = "{Entanglement entropy of two disjoint intervals in conformal field theory: II}",
	pages = "P01021",
	year = "2011"
}

@article{Bipartite_fidelity,
	author = "Dubail, J. and St{\'e}phan, J.-M.",
	doi = "10.1088/1742-5468",
	archivePrefix = {arXiv},
	eprint = {1010.3716},
	journal = "J. Stat. Mech.",
	title = "{Universal behavior of a bipartite fidelity at quantum criticality}",
	pages = "L03002",
	year = "2011"
}

@article{HaldaneLi,
	author = "Li, H. and Haldane, F. D. M.",
	doi = "10.1103/PhysRevLett.101.010504",
	archivePrefix = {arXiv},
	eprint = {0805.0332},
	journal = "Phys. Rev. Lett.",
	volume = "101",
	pages = "010504",
	title = "{Entanglement Spectrum as a Generalization of Entanglement Entropy: Identification of Topological Order in Non-Abelian Fractional Quantum Hall Effect States}",
	year = "2008"
}

@article{Bernevig_spectrum,
	author = "Chandran, A. and Hermanns, M. and Regnault, N. and Bernevig, B. A.",
	journal = "Phys. Rev. B.",
	volume = "84",
	pages = "205136",
	year = "2011",
	doi = "10.1103/PhysRevB.84.205136",
	title = "{Bulk-edge correspondence in entanglement spectra}",
	archivePrefix = {arXiv},
	eprint = {1102.2218},
}

@article{Katsura,
	author = "Qi, X.-L. and Katsura, H. and Ludwig, A. W. W.",
	journal = "Phys. Rev. Lett.",
	volume = "108",
	pages = "196402",
	year = "2012",
	doi = "10.1103/PhysRevLett.108.196402",
	title = "{General Relationship between the Entanglement Spectrum and the Edge State Spectrum of Topological Quantum States}",
	archivePrefix = {arXiv},
	eprint = {1103.5437},

}

@article{Estienne,
	author = "Estienne, B. and Pasquier, V. and Santachiara, R. and Serban, D.",
	title = "{Conformal blocks in Virasoro and W theories: duality and the Calogero-Sutherland model}",
	journal = "Nucl. Phys. B.",
	volume = "860",
	pages = "377",
	doi = "10.1016/j.nuclphysb.2012.03.007",
	archivePrefix = {arXiv},
	eprint = {1110.1101},
	year = "2012"
}

@article{DubailReadRezayi,
	author = "Dubail, J. and Read, N. and Rezayi, E. H.",
	title = "{Edge state inner products and real-space entanglement spectrum of trial quantum Hall states}",
	journal = "arXiv:1207.7119",
	archivePrefix = {arXiv},
	eprint = {1207.7119},
}

@article{Anderson,
	author = "Anderson, P. W.",
	journal = "Mat. Res. Bull",
	doi = "10.1016/0025-5408(73)90167-0",
	title = "{Resonating valence bonds: A new kind of insulator?}",
	volume = "8",
	pages = "153",
	year = "1973"
}

@article{LDA,
	title = {Some New Variational Resonating-Valence-Bond-Type Wave Functions for the Spin-1/2 Antiferromagnetic Heisenberg Model on a Square Lattice},
	author = {Liang, S. and Doucot, B. and Anderson, P. W.},
	journal = {Phys. Rev. Lett.},
	volume = {61},
	issue = {3},
	pages = {365--368},
	year = {1988},
	month = {Jul},
	doi = {10.1103/PhysRevLett.61.365},
	publisher = {American Physical Society}
}


@article{Cardy,
	author = "Calabrese, P. and Cardy, J.",
	doi = "http://dx.doi.org/10.1088/1742-5468/2004/06/P06002",
	archivePrefix = {arXiv},
	eprint = {hep-th/0405152},
	journal = "J. Stat. Mech. ",
	pages = "P06002",
	title = "{Entanglement entropy and quantum field theory}",
	year = "2004"
}

@article{Strongsubadditivity,
	author = "Hirata, T. and Takayanagi, T.",
	doi = "http://dx.doi.org/10.1088/1126-6708/2007/02/042",
	archivePrefix = {arXiv},
	eprint = {hep-th/0608213},
	journal = "JHEP",
	volume = "02",
	pages = "042",
	title = "{AdS/CFT and strong subadditivity of entanglement entropy}",
	year = "2007"
}

@article{Ferdinand,
	author = "Ferdinand, A. E.",
	doi = "10.1063/1.1705162",
	journal = "J. Math. Phys",
	pages = "2332",
	title = "{Statistical Mechanics of Dimers on a Quadratic Lattice}",
	volume = "8",
	year = "1967"
}

@article{Dimers_all,
	author = "Izmaillian, N. S. and Oganesyan, K. B. and Hu, C.-K.",
	doi = "10.1103/PhysRevE.67.066114",
	journal = "Phys. Rev. E",
	pages = "066114",
	title = "{Exact finite-size corrections of the free energy for the square lattice dimer model under different boundary conditions}",
	volume = "67",
	year = "2003"
}

@article{Ruelledimers,
	author = "Izmailian, N. S. and Priezzhev, V. B. and Ruelle, P. and Hu, C.-K.",
	doi = "10.1103/PhysRevLett.95.260602",
	archivePrefix = {arXiv},
	eprint = {cond-mat/0512703},
	journal = "Phys. Rev. Lett",
	pages = "260602",
	title = "{Logarithmic Conformal Field Theory and Boundary Effects in the Dimer Model}",
	volume = "95",
	year = "2005"
}

@article{beach2009n,
	author = "Beach, K. S. D. and Alet, F. and Mambrini, M. and Capponi, S.",
	journal = "Phys. Rev. B.",
	doi = "10.1103/PhysRevB.80.184401",
	archivePrefix = {arXiv},
	eprint = {0812.3657},
	pages = "184401",
	publisher = "APS",
	title = "{SU(N) Heisenberg model on the square lattice: A continuous-N quantum Monte Carlo study}",
	volume = "80",
	year = "2009"
}

@article{beach2006some,
	author = "Beach, K. S. D. and Sandvik, A. W.",
	journal = "Nucl. Phys. B.",
	doi = "10.1016/j.nuclphysb.2006.05.032",
	archivePrefix = {arXiv},
	eprint = {cond-mat/0605103},
	pages = "142--178",
	publisher = "Elsevier",
	title = "{Some formal results for the valence bond basis}",
	volume = "750",
	year = "2006"
}

@article{sandvik2010loop,
	author = "Sandvik, A. W. and Evertz, H. G.",
	journal = "Phys. Rev. B.",
	doi = "10.1103/PhysRevB.82.024407",
	archivePrefix = {arXiv},
	eprint = {0807.0682},
	pages = "024407",
	publisher = "APS",
	title = "{Loop updates for variational and projector quantum Monte Carlo simulations in the valence-bond basis}",
	volume = "82",
	year = "2010"
}

@article{Stephan2012,
	author = "St{\'e}phan, J.-M. and Misguich, G. and Pasquier, V.",
	doi = "10.1088/1742-5468",
	archivePrefix = {arXiv},
	eprint = {1108.1699},
	journal = "J. Stat. Mech.",
	title = "{R{\'e}nyi entanglement entropies in quantum dimer models: from criticality to topological order}",
	volume = "P02003",
	year = "2012"
}

@article{FisherStephenson,
	author = "Fisher, M. E. and Stephenson, J.",
	doi = "10.1103/PhysRev.132.1411",
	journal = "Phys. Rev.",
	pages = "1411",
	title = "{Statistical Mechanics of Dimers on a Plane Lattice. II. Dimer Correlations and Monomers}",
	volume = "132",
	year = "1963"
}

@article{Kasteleyn,
	author = "Kasteleyn, P. W.",
	journal = "Physica",
	title = "{The statistics of dimers on a lattice: I. The number of dimer arrangements on a quadratic lattice}",
	volume = "27",
	pages = "1209",
	doi = "10.1016/0031-8914(61)90063-5",
	year = "1961"
}

@article{swap,
	author = "Hastings, M. B. and Gonzalez, I. and Kallin, A. B. and Melko, R. G.",
	journal = "Phys. Rev. Lett.",
	doi = "10.1103/PhysRevLett.104.157201",
	archivePrefix = {arXiv},
	eprint = {1001.2335},
	number = "15",
	pages = "157201",
	title = "{Measuring Renyi Entanglement Entropy in Quantum Monte Carlo Simulations}",
	volume = "104",
	year = "2010"
}

@article{HIZ,
	author = "Hamma, A. and Ionicioiu, R. and Zanardi, P.",
	journal = "Phys. Lett. A.",
	doi = "10.1016/j.physleta.2005.01.060",
	archivePrefix = {arXiv},
	eprint = {quant-ph/0406202},
	title = "{Ground state entanglement and geometric entropy in the Kitaev model}",
	volume = "337",
	pages = "22",
	year = "2005"
}

@article{KP,
	author = "Kitaev, A. and Preskill, J.",
	journal = "Phys. Rev. Lett.",
	doi = "10.1103/PhysRevLett.96.110404",
	archivePrefix = {arXiv},
	eprint = {hep-th/0510092},
	pages = "110404",
	publisher = "APS",
	title = "{Topological Entanglement Entropy}",
	volume = "96",
	year = "2006"
}

@article{LW,
	author = "Levin, M. and Wen, X.-G.",
	journal = "Phys. Rev. Lett",
	doi = "10.1103/PhysRevLett.96.110405",
	archivePrefix = {arXiv},
	eprint = {cond-mat/0510613},
	pages = "110405",
	publisher = "APS",
	title = "{Detecting Topological Order in a Ground State Wave Function}",
	volume = "96",
	year = "2006"
}


@article{RokhsarKivelson,
	author = "Rokhsar, D. S. and Kivelson S. A.",
	title = "{Superconductivity and the Quantum Hard-Core Dimer Gas}",
	journal = "Phys. Rev. Lett",
	volume = "61",
	pages = "2376",
	year = "1988",
	doi = "10.1103/PhysRevLett.61.2376",
}

@article{Hastings_thm,
	author= "Hastings, M. B.",
	title = "{Lieb-Schultz-Mattis in higher dimensions}",
	archivePrefix = {arXiv},
	eprint = {cond-mat/0305505},
	journal = "Phys. Rev. B",
	volume= "69",
	pages = "104431",
	year = "2004",
	doi ="10.1103/PhysRevB.69.104431",
}

@Article{Cano,
	title = "{Spin Hamiltonians with resonating-valence-bond ground states}",
	author = {Cano, J. and Fendley, P.},
	doi = "10.1103/PhysRevLett.105.067205",
	archivePrefix = {arXiv},
	eprint = {0910.5708},
	journal = {Phys. Rev. Lett.},
	volume = {105},
	pages = {067205},
	numpages = {4},
	year = {2010},
	publisher = {American Physical Society}
}

@article{Heights_1,
	author = "Blote, H. W. J. and Hilhorst, H. J.",
	title = "{Roughening transitions and the zero-temperature triangular Ising antiferromagnet}",
	journal = "J. Phys. A: Math, Gen.",
	volume = "15",
	pages = "L631",
	year = "1982",
	doi= "10.1088/0305-4470/15/11/011",
}

@article{Heights_2,
	author = "Nienhuis, B. and Blote, H. W. J and Hilhorst, H. J.",
	title = "Triangular SOS models and cubic-crystal shapes",
	journal = "J. Phys. A: Math, Gen.",
	volume = "17",
	pages = "3559",
	year = "1984",
	doi= "10.1088/0305-4470/17/18/025",
}

@article{Fradkin_dimers,
	author = "Fradkin, E. and Huse, D. A. and Moessner, R. and Oganesyan, V. and Sondhi, S. L. ",
	journal = "Phys. Rev. B",
	archivePrefix = {arXiv},
	eprint = {cond-mat/0311353},
	volume = "69",
	pages = "224415",
	year = "2004",
	doi = "10.1103/PhysRevB.69.224415",
}

@article{QuantumLifshitz,
	author = "Ardonne, E. and Fendley, P. and Fradkin, E.",
	title = "Topological order and conformal quantum critical points",
	journal = "Ann. Phys.",
	archivePrefix = {arXiv},
	eprint = {cond-mat/0311466},
	volume = "310",
	pages = "493",
	year = "2004",
	doi = "10.1016/j.aop.2004.01.004",
}

@article{Fisher,
	author = "Fisher, M. E.",
	title = "Statistical Mechanics of Dimers on a Plane Lattice",
	journal = "Phys. Rev",
	volume = "124",
	pages = "1664",
	doi = "10.1103/PhysRev.124.1664",
	year = "1961"
}

@article{RMS,
	author = "Raman, K. S. and Moessner, R. and Sondhi, S. L.",
	title = "{SU(2)-invariant spin-1/2 Hamiltonians with resonating and other valence bond phases}",
	archivePrefix = {arXiv},
	eprint = {cond-mat/0502146},
	journal = "Phys. Rev. B",
	volume = "72",
	pages = "064413",
	doi = "10.1103/PhysRevB.72.064413",
	year = "2005"
}

@article{Henley,
	author = "Henley, C. L.",
	title = "{Relaxation time for a dimer covering with height representation}",
	archivePrefix = {arXiv},
	eprint = {cond-mat/9607222},
	journal = "J. Stat. Phys.",
	volume = "89",
	pages = "483",
	doi = "10.1007/BF02765532",
	year = "1997"
}

@article{Sutherland_loops,
	author = "Sutherland, B.",
	title = "{Systems with resonating-valence-bond ground states: Correlations and excitations}",
	journal = "Phys. Rev. B",
	volume = "37",
	pages = "3786",
	year = "1988",
	doi = "10.1103/PhysRevB.37.3786",
}

@incollection{Nienhuis,
	author = "Nienhuis, B.",
	booktitle = "{Phase Transitions and Critical Phenomena}",
	title = "{Coulomb gas formulations of two-dimensional phase transitions}",
	year = {1987},
	publisher = {ed. by C. Domb and J. Lebowitz, vol. 11, (Academic Press)},
}

@article{Ginsparg2,
	author = "Ginsparg, P.",
	title = "Applied Conformal Field Theory",
	archivePrefix = {arXiv},
	eprint = "hep-th/9108028",
	journal = "Fields, Strings, Critical Phenomena, Les Houches Summer School 1988, ed. by E. Br\'ezin and J. Zinn-Justin (North-Holland)",
	volume = "arXiv",
	pages = "hep-th/9108028",
	year = "1989"
}

@incollection{Ginsparg,
	author = {Ginsparg, P.},
	title = "{Applied Conformal Field Theory}",
	archivePrefix = {arXiv},
	eprint = {hep-th/9108028},
	year = "1988",
	booktitle = "{Fields, Strings, Critical Phenomena, Les Houches Summer School 1988}",
	publisher = "ed. by E. Br\'ezin and J. Zinn-Justin (North-Holland)",
}

@article{Moessner,
	author = "Moessner, R. and Sondhi, S. L.",
	title = "Resonating Valence Bond Phase in the Triangular Lattice Quantum Dimer Model",
	archivePrefix = {arXiv},
	eprint = {cond-mat/0007378},
	journal = "Phys. Rev. Lett.",
	volume = "86",
	pages = "1881",
	doi = "10.1103/PhysRevLett.86.1881",
	year = "2001"
}

@article{Samuel,
	author = "Samuel, S.",
	title = "{The use of anticommuting variable integrals in statistical mechanics. I. The computation of partition functions}",
	journal = "J. Math. Phys.",
	doi = "10.1063/1.524404",
	volume = "21",
	pages = "2806",
	year = "1980"
}

@book{Fradkinbook,
	author = "Fradkin, E.",
	publisher = "Addison-Wesley Reading, Massachusetts",
	title = "Field theories of condensed matter systems",
	year = "1991"
}

@article{Stephan2010,
	author = "St{\'e}phan, J.-M. and Misguich, G. and Pasquier, V.",
	title = "{R{\'e}nyi entropy of a line in two-dimensionnal Ising models}",
	archivePrefix = {arXiv},
	eprint = {1006.1605},
	doi = {10.1103/PhysRevB.82.125455},
	journal = "Phys. Rev. B.",
	volume = "82",
	pages = "125455",
	year = "2010"
}

@article{RenyiXing,
	title = "{Finite-Temperature Critical Behavior of Mutual Information}",
	author = {Singh, R. R. P. and Hastings, M. B. and Kallin, A. B. and Melko, R. G.},
	archivePrefix = {arXiv},
	eprint = {1101.0430},
	journal = {Phys. Rev. Lett.},
	volume = {106},
	pages = {135701},
	doi = {10.1103/PhysRevLett.106.135701},
	year = {2011}
}


@article{AWSVBSQMC,
	title = {Ground State Projection of Quantum Spin Systems in the Valence-Bond Basis},
	author = {Sandvik, A. W.},
	archivePrefix = {arXiv},
	eprint = {cond-mat/0509558},
	journal = {Phys. Rev. Lett.},
	volume = {95},
	pages = {207203},
	doi = {10.1103/PhysRevLett.95.207203},
	year = {2005}
}

@article{OshikawaAffleck1,
	author = "Oshikawa, M. and Affleck, I.",
	title = "{Defect Lines in the Ising Model and Boundary States on Orbifolds}",
	archivePrefix = {arXiv},
	eprint = {hep-th/9606177},
	doi = {10.1103/PhysRevLett.77.2604},
	journal = "Phys. Rev. Lett.",
	volume = "77",
	pages = "2604",
	year = "1996"
}

@article{OshikawaAffleck2,
	author = "Oshikawa, M. and Affleck, I.",
	title = "{Boundary conformal field theory approach to the critical two-dimensional Ising model with a defect line}",
	doi = {10.1016/S0550-3213(97)00219-8},
	archivePrefix = {arXiv},
	eprint = {cond-mat/9612187},
	journal = "Nucl. Phys. B.",
	volume = "495",
	pages = "533",
	year = "1997"
}

@article{AAM,
	author = "Albuquerque, A. F. and Alet, F. and Moessner, R.",
	archivePrefix = {arXiv},
	eprint = {1112.4917},
	journal = "Phys. Rev. Lett.",
	volume = "109",
	pages = "147204",
	title = "{Coexistence of long-range and algebraic correlations for short-range valence-bond wave functions in three dimensions}",
	year = "2012"
}

@article{AMPMJ,
	author = "Alet, F. and Misguich, G. and Pasquier, V. and Moessner, R. and Jacobsen, J. L.",
	title = "Unconventional Continuous Phase Transition in a Three-Dimensional Dimer Model",
	doi = {10.1103/PhysRevLett.97.030403},
	archivePrefix = {arXiv},
	eprint = {cond-mat/0603499},
	journal = "Phys. Rev. Lett.",
	volume = "97",
	pages = "030403",
	year = "2006"
}

@article{Poilblanc,
	author = "Poilblanc, D. and Schuch, N. and P{\'e}rez Garc{\'i}a, D. and Cirac, J. I.",
	title = "Topological and entanglement properties of resonating valence bond wave functions",
	doi = {10.1103/PhysRevB.86.014404},
	archivePrefix = {arXiv},
	eprint = {1202.0947},
	journal = "Phys. Rev. B",
	volume = "86",
	pages = "014404",
	year = "2012"
}

@article{Corrections_scaling1,
	author = "Calabrese, P. and Campostrini, M. and Essler, F. and Nienhuis, B.",
	title = "Parity effects in the scaling of block entanglement in gapless spin chains",
	doi = {10.1103/PhysRevLett.104.095701},
	archivePrefix = {arXiv},
	eprint = {0911.4660},
	journal = "Phys. Rev. Lett.",
	volume = "104",
	pages = "095701",
	year = "2010"
}

@article{Corrections_scaling2,
	author = "Cardy, J. and Calabrese, P.",
	title = "{Unusual corrections to scaling in entanglement entropy}",
	archivePrefix = {arXiv},
	eprint = {1002.4353},
	doi = {10.1088/1742-5468/2010/04/P04023},
	journal = "J. Stat. Mech.",
	volume = "P04023",
	year = "2010"
}


